@article{Manfred_1991,
  title = {Phenomenological theory of unconventional superconductivity},
  author = {Sigrist, M. and Ueda, K.},
  journal = {Rev. Mod. Phys.},
  volume = {63},
  issue = {2},
  pages = {239--311},
  numpages = {0},
  year = {1991},
  month = {Apr},
  publisher = {American Physical Society},
  doi = {10.1103/RevModPhys.63.239},
  url = {https://link.aps.org/doi/10.1103/RevModPhys.63.239}
}

@article{Frigeri2004,
  title = {Superconductivity without Inversion Symmetry: Mn{Si} versus {CePt}$_3${Si}},
  author = {Frigeri, P. A. and Agterberg, D. F. and Koga, A. and Sigrist, M.},
  journal = {Phys. Rev. Lett.},
  volume = {92},
  issue = {9},
  pages = {097001},
  numpages = {4},
  year = {2004},
  month = {Mar},
  publisher = {American Physical Society},
  doi = {10.1103/PhysRevLett.92.097001},
  url = {https://link.aps.org/doi/10.1103/PhysRevLett.92.097001}
}


@book{Landau2013,
  title={Statistical Physics: Volume 5},
  author={Landau, L.D. and Lifshitz, E.M.},
  number={Bd. 5},
  isbn={9780080570464},
  url={https://books.google.ch/books?id=VzgJN-XPTRsC},
  year={2013},
  publisher={Elsevier Science}
}
@article{Ludwig2016,
  title={Topological phases: classification of topological insulators and superconductors of non-interacting fermions, and beyond},
  author={Ludwig, Andreas W.W.},
  journal={Physica Scripta},
  volume={2016},
  number={T168},
  pages={014001},
  year={2015},
  publisher={IOP Publishing}
}
@article{BCS1957,
  title = {Theory of Superconductivity},
  author = {Bardeen, J. and Cooper, L. N. and Schrieffer, J. R.},
  journal = {Phys. Rev.},
  volume = {108},
  issue = {5},
  pages = {1175--1204},
  numpages = {0},
  year = {1957},
  month = {Dec},
  publisher = {American Physical Society},
  doi = {10.1103/PhysRev.108.1175},
  url = {https://link.aps.org/doi/10.1103/PhysRev.108.1175}
}
@article{Leggett1975,
  title = {A theoretical description of the new phases of liquid $^{3}\mathrm{He}$},
  author = {Leggett, Anthony J.},
  journal = {Rev. Mod. Phys.},
  volume = {47},
  issue = {2},
  pages = {331--414},
  numpages = {0},
  year = {1975},
  month = {Apr},
  publisher = {American Physical Society},
  doi = {10.1103/RevModPhys.47.331},
  url = {https://link.aps.org/doi/10.1103/RevModPhys.47.331}
}
@article{Osheroff1972,
  title = {Evidence for a New Phase of Solid ${\mathrm{\\He}}^{3}$},
  author = {Osheroff, D. D. and Richardson, R. C. and Lee, D. M.},
  journal = {Phys. Rev. Lett.},
  volume = {28},
  issue = {14},
  pages = {885--888},
  numpages = {0},
  year = {1972},
  month = {Apr},
  publisher = {American Physical Society},
  doi = {10.1103/PhysRevLett.28.885},
  url = {https://link.aps.org/doi/10.1103/PhysRevLett.28.885}
}
@article{Stewart1984,
  title = {Heavy-fermion systems},
  author = {Stewart, G. R.},
  journal = {Rev. Mod. Phys.},
  volume = {56},
  issue = {4},
  pages = {755--787},
  numpages = {0},
  year = {1984},
  month = {Oct},
  publisher = {American Physical Society},
  doi = {10.1103/RevModPhys.56.755},
  url = {https://link.aps.org/doi/10.1103/RevModPhys.56.755}
}
@article{White2015,
title = {Unconventional superconductivity in heavy-fermion compounds},
journal = {Physica C: Superconductivity and its Applications},
volume = {514},
pages = {246-278},
year = {2015},
issn = {0921-4534},
doi = {https://doi.org/10.1016/j.physc.2015.02.044},
url = {https://www.sciencedirect.com/science/article/pii/S0921453415000714},
author = {B.D. White and J.D. Thompson and M.B. Maple},
}
@article{Yoshichika2004,
  title={Recent Advances in the Magnetism and Superconductivity of Heavy Fermion Systems},
  author={Yoshichika Onuki and Rikio Settai and Kiyohiro Sugiyama and Tetsuya Takeuchi and Tatsuo C. Kobayashi and Yoshinori Haga and Etsuji Yamamoto},
  journal={J. Phys. Soc. Japan},
  volume={73},
  number={4},
  pages={769-787},
  year={2004},
  doi={10.1143/jpsj.73.769}
}
@article{Tsuei2000,
  title = {Pairing symmetry in cuprate superconductors},
  author = {Tsuei, C. C. and Kirtley, J. R.},
  journal = {Rev. Mod. Phys.},
  volume = {72},
  issue = {4},
  pages = {969--1016},
  numpages = {0},
  year = {2000},
  month = {Oct},
  publisher = {American Physical Society},
  doi = {10.1103/RevModPhys.72.969},
  url = {https://link.aps.org/doi/10.1103/RevModPhys.72.969}
}
@article{Anderson2004,
doi = {10.1088/0953-8984/16/24/R02},
url = {https://dx.doi.org/10.1088/0953-8984/16/24/R02},
year = {2004},
month = {Jun},
publisher = {},
volume = {16},
number = {24},
pages = {R755},
author = {P. W. Anderson and  P. A. Lee and  M. Randeria and  T. M. Rice and  N. Trivedi and  F. C. Zhang},
title = {The physics behind high-temperature superconducting cuprates: the ``plain vanilla" version
of {RVB}},
journal = {J. Condens. Matter Phys.},
}
@article{Dagotto1994,
  title = {Correlated electrons in high-temperature superconductors},
  author = {Dagotto, Elbio},
  journal = {Rev. Mod. Phys.},
  volume = {66},
  issue = {3},
  pages = {763--840},
  numpages = {0},
  year = {1994},
  month = {Jul},
  publisher = {American Physical Society},
  doi = {10.1103/RevModPhys.66.763},
  url = {https://link.aps.org/doi/10.1103/RevModPhys.66.763}
}
@article{Ueda1985,
  title = {$p$-wave superconductivity in cubic metals},
  author = {Ueda, K. and Rice, T. M.},
  journal = {Phys. Rev. B},
  volume = {31},
  issue = {11},
  pages = {7114--7119},
  numpages = {0},
  year = {1985},
  month = {Jun},
  publisher = {American Physical Society},
  doi = {10.1103/PhysRevB.31.7114},
  url = {https://link.aps.org/doi/10.1103/PhysRevB.31.7114}
}
@incollection{Volovik1985,
  title={Superconducting classes in heavy-fermion systems},
  author={Volovik, G.E. and Gorâ€™kov, L.P.},
  booktitle={Ten Years of Superconductivity: 1980--1990},
  pages={144--155},
  year={1985},
  publisher={Springer}
}
@article{Anderson1984,
  title = {Structure of ``triplet" superconducting energy gaps},
  author = {Anderson, P. W.},
  journal = {Phys. Rev. B},
  volume = {30},
  issue = {7},
  pages = {4000--4002},
  numpages = {0},
  year = {1984},
  month = {Oct},
  publisher = {American Physical Society},
  doi = {10.1103/PhysRevB.30.4000},
  url = {https://link.aps.org/doi/10.1103/PhysRevB.30.4000}
}
@article{Bauer2004,
  title = {Heavy Fermion Superconductivity and Magnetic Order in Noncentrosymmetric
           {CePt}$_3${Si}},
  author = {Bauer, E. and Hilscher, G. and Michor, H. and Paul, Ch. and Scheidt, E. W. and Gribanov, A. and Seropegin, Yu. and No\"el, H. and Sigrist, M. and Rogl, P.},
  journal = {Phys. Rev. Lett.},
  volume = {92},
  issue = {2},
  pages = {027003},
  numpages = {4},
  year = {2004},
  month = {Jan},
  publisher = {American Physical Society},
  doi = {10.1103/PhysRevLett.92.027003},
  url = {https://link.aps.org/doi/10.1103/PhysRevLett.92.027003}
}
@article{Akazawa2004,
author = {Akazawa ,T. and Hidaka ,H. and Kotegawa ,H. and Kobayashi ,T.C. and Fujiwara ,T.
          and Yamamoto ,T. and Haga ,Y. and Settai ,R. and Onuki ,Y.},
title = {Pressure-induced Superconductivity in {UIr}},
journal = {J. Phys. Soc. Japan},
volume = {73},
number = {11},
pages = {3129-3134},
year = {2004},
doi = {10.1143/JPSJ.73.3129},
URL = {https://doi.org/10.1143/JPSJ.73.3129},
}

@article{Goll2008,
title = {Thermodynamic and transport properties of the non-centrosymmetric superconductor {LaBiPt}},
journal = {Physica B: Condensed Matter},
volume = {403},
number = {5},
pages = {1065-1067},
year = {2008},
issn = {0921-4526},
doi = {https://doi.org/10.1016/j.physb.2007.10.089},
author = {G. Goll and M. Marz and A. Hamann and T. Tomanic and K. Grube and T. Yoshino and T. Takabatake},
}

